@book{Knaster94a,
author = "Barbara Knaster",
title="{Presenting MAGIC CAP}",
publisher = "Addison-Wesley",
year = 1994
}
@book{Ousterhout94a,
author = "John K. Ousterhout",
title="{Tcl and the Tk Toolkit}",
publisher = "Addison-Wesley",
year = 1994
}
@misc{safetcl93a,
author = "Nathaniel Borenstein and Marshall T. Rose",
title="MIME Extensions for Mail-Enables Applications: application/Safe-Tcl and multipart/enabled-mail",
note = "Draft, see ftp:://ftp.aud.alcatel.com/tcl/safe\-tcl\-1.2.tar"
}
@inproceedings{obliq94a,
author = "Luca Cardelli",
title="{A Language with Distributed Scope}",
booktitle="Principals of Programming Languages",
month=jan,
year=1995,
note = "<URL:http://www.research.digital.com/SRC/Obliq/Obliq.html>"
}
